<record><leader>00000cas a22000007a 4500</leader><controlfield tag="001">10386819</controlfield><controlfield tag="008">840208d18741883ctuwr ne      0    0eng d</controlfield><datafield ind1=" " ind2=" " tag="010"><subfield code="a">sn 84022395 </subfield></datafield><datafield ind1=" " ind2=" " tag="040"><subfield code="a">NPX</subfield><subfield code="b">eng</subfield><subfield code="c">NPX</subfield><subfield code="d">CNW</subfield><subfield code="d">OCLCQ</subfield><subfield code="d">OCLCO</subfield><subfield code="d">OCLCF</subfield></datafield><datafield ind1=" " ind2=" " tag="042"><subfield code="a">msc</subfield></datafield><datafield ind1=" " ind2=" " tag="043"><subfield code="a">n-us-ct</subfield></datafield><datafield ind1="0" ind2="4" tag="245"><subfield code="a">The Housatonic ray.</subfield></datafield><datafield ind1=" " ind2=" " tag="260"><subfield code="a">New Milford, Conn. :</subfield><subfield code="b">M.L. Delavan</subfield></datafield><datafield ind1=" " ind2=" " tag="300"><subfield code="a">volumes</subfield></datafield><datafield ind1=" " ind2=" " tag="310"><subfield code="a">Weekly</subfield></datafield><datafield ind1=" " ind2=" " tag="336"><subfield code="a">text</subfield><subfield code="b">txt</subfield><subfield code="2">rdacontent</subfield></datafield><datafield ind1=" " ind2=" " tag="337"><subfield code="a">unmediated</subfield><subfield code="b">n</subfield><subfield code="2">rdamedia</subfield></datafield><datafield ind1=" " ind2=" " tag="338"><subfield code="a">volume</subfield><subfield code="b">nc</subfield><subfield code="2">rdacarrier</subfield></datafield><datafield ind1="0" ind2=" " tag="362"><subfield code="a">Vol. 3, no. 15 (Dec. 12, 1874)-v. 11, no. 20 (Jan. 5, 1883) = whole no. 119-540.</subfield></datafield><datafield ind1=" " ind2=" " tag="500"><subfield code="a">Editor: M.L. Delavan, 1874-&lt;1876&gt;.</subfield></datafield><datafield ind1=" " ind2=" " tag="580"><subfield code="a">Absorbed by: The New Milford gazette, Jan. 1883.</subfield></datafield><datafield ind1=" " ind2="0" tag="651"><subfield code="a">New Milford (Conn.)</subfield><subfield code="v">Newspapers.</subfield></datafield><datafield ind1=" " ind2="7" tag="655"><subfield code="a">Newspapers.</subfield><subfield code="2">fast</subfield><subfield code="0">(OCoLC)fst01423814</subfield></datafield><datafield ind1=" " ind2="7" tag="651"><subfield code="a">Connecticut</subfield><subfield code="z">New Milford.</subfield><subfield code="2">fast</subfield><subfield code="0">(OCoLC)fst01219254</subfield></datafield><datafield ind1="1" ind2=" " tag="700"><subfield code="a">Delavan, Marcus L.,</subfield><subfield code="d">1832-</subfield></datafield><datafield ind1=" " ind2=" " tag="752"><subfield code="a">United States</subfield><subfield code="b">Connecticut</subfield><subfield code="c">Litchfield</subfield><subfield code="d">New Milford.</subfield></datafield><datafield ind1="0" ind2="0" tag="780"><subfield code="t">New Milford journal</subfield><subfield code="w">(DLC)sn 84027712</subfield><subfield code="w">(OCoLC)11470434</subfield></datafield><datafield ind1="1" ind2="4" tag="785"><subfield code="t">New Milford gazette</subfield><subfield code="w">(DLC)sn 85038315</subfield><subfield code="w">(OCoLC)12253042</subfield></datafield></record>